@Article{DW:Guantanamo,
	author		= {Benjamin Wüst},
	title		= {Guantanamo, der rechtsfreie Raum},
	journaltitle	= {Deutsche Welle},
	url		= {http://www.dw-world.de/dw/article/0,,3944755,00.html},
	urldate		= {2011-11-01},
	year		= {2009},
	month		= {01},
}

@Article{Telepolis:Guantanamo,
	author		= {Florian Rötzer},
	title		= {Die Gefangenen von Guantanamo},
	journaltitle	= {Heise Zeitschriften Verlag Telepolis},
	url		= {http://www.heise.de/tp/artikel/13/13848/1.html},
	urldate		= {2011-11-01},
	year		= {2002},
	month		= {12},
}

@Article{Reuters:Obama,
	author		= {Malathi Nayak and Chris Wilson},
	title		= {Factbox: Has Obama delivered on his 2008 campaign promises?},
	journaltitle	= {Nachrichtenagentur Reuters},
	url		= {http://www.reuters.com/article/2011/10/28/us-usa-campaign-obama-promises-idUSTRE79R3M920111028},
	urldate		= {2011-11-05},
	year		= {2011},
	month		= {11},
	language	= {american},
}

@Article{AlJazeera:Obama_bad,
%	author		= {},
	title		= {New Guantanamo abuse claims},
	journaltitle	= {Al Jazeera},
	url		= {http://english.aljazeera.net/news/americas/2009/04/2009416174526284984.html},
	urldate		= {2011-11-06},
	year		= {2009},
	month		= {05},
	language	= {american},
}

@Online{wiki:Guantanamo_Bay,
	author		= {Wikipedia},
	title		= {Gefangenenlager der Guantanamo Bay Naval Base},
	url		= {http://de.wikipedia.org/w/index.php?title=Gefangenenlager_der_Guantanamo_Bay_Naval_Base&oldid=95319804},
	urldate		= {2011-10-28},
}

@Online{wiki:Guantanamo_Bay_Naval_Base,
	author		= {Wikipedia},
	title		= {Guantanamo Bay Naval Base},
	url		= {http://de.wikipedia.org/w/index.php?title=Guantanamo_Bay_Naval_Base&oldid=95036157},
	urldate		= {2011-10-28},
}

